@article{banabilah2022federated,
	title={Federated learning review: Fundamentals, enabling technologies, and future applications},
	author={Banabilah, Syreen and Aloqaily, Moayad and Alsayed, Eitaa and Malik, Nida and Jararweh, Yaser},
	journal={Information processing \& management},
	volume={59},
	number={6},
	pages={103061},
	year={2022},
	publisher={Elsevier}
}

@article{li2020federated,
	title={Federated learning: Challenges, methods, and future directions},
	author={Li, Tian and Sahu, Anit Kumar and Talwalkar, Ameet and Smith, Virginia},
	journal={IEEE signal processing magazine},
	volume={37},
	number={3},
	pages={50--60},
	year={2020},
	publisher={IEEE}
}

@article{tan2022towards,
	title={Towards personalized federated learning},
	author={Tan, Alysa Ziying and Yu, Han and Cui, Lizhen and Yang, Qiang},
	journal={IEEE transactions on neural networks and learning systems},
	volume={34},
	number={12},
	pages={9587--9603},
	year={2022},
	publisher={IEEE}
}

@article{Zhang2021A,
	title={A survey on federated learning},
	author={Chen Zhang and Yu Xie and Hang Bai and Bin Yu and Weihong Li and Yuan Gao},
	journal={Knowl. Based Syst.},
	year={2021},
	volume={216},
	pages={106775},
	doi={10.1016/j.knosys.2021.106775}
}

@article{Gafni2021Federated,
	title={Federated Learning: A signal processing perspective},
	author={Tomer Gafni and Nir Shlezinger and Kobi Cohen and Yonina C. Eldar and H. Poor},
	journal={IEEE Signal Processing Magazine},
	year={2021},
	volume={39},
	pages={14-41},
	doi={10.1109/MSP.2021.3125282}
}

@article{Wu2021Communication-efficient,
	title={Communication-efficient federated learning via knowledge distillation},
	author={Chuhan Wu and Fangzhao Wu and Lingjuan Lyu and Yongfeng Huang and Xing Xie},
	journal={Nature Communications},
	year={2021},
	volume={13},
	doi={10.1038/s41467-022-29763-x}
}

@article{Pillutla2019Robust,
	title={Robust Aggregation for Federated Learning},
	author={Krishna Pillutla and S. Kakade and Za√Ød Harchaoui},
	journal={IEEE Transactions on Signal Processing},
	year={2019},
	volume={70},
	pages={1142-1154},
	doi={10.1109/TSP.2022.3153135}
}

@article{Khan2020Federated,
	title={Federated Learning for Internet of Things: Recent Advances, Taxonomy, and Open Challenges},
	author={L. U. Khan and W. Saad and Zhu Han and E. Hossain and C. Hong},
	journal={IEEE Communications Surveys \& Tutorials},
	year={2020},
	volume={23},
	pages={1759-1799},
	doi={10.1109/COMST.2021.3090430}
}

@article{Qammar2022Securing,
	title={Securing federated learning with blockchain: a systematic literature review},
	author={Attia Qammar and Ahmad Karim and Huansheng Ning and Jianguo Ding},
	journal={Artificial Intelligence Review},
	year={2022},
	volume={56},
	pages={3951 - 3985},
	doi={10.1007/s10462-022-10271-9}
}